@article{castro2003phase,
  title = {Phase-field approach to heterogeneous nucleation},
  author = {Castro, M},
  journal = {Physical Review B},
  volume = {67},
  issue = {3},
  pages = {035412},
  numpages = {8},
  year = {2003},
  publisher = {American Physical Society},
}

@article{elliott1989second,
  title={{A second order splitting method for the Cahn-Hilliard equation}},
  author={Elliott, Charles M and French, Donald A and Milner, Fabio Augusto},
  journal={Numerische Mathematik},
  volume={54},
  number={5},
  pages={575--590},
  year={1989},
  publisher={Springer}
}

@article{gaston2014continuous,
  title={Continuous integration for concurrent computational framework and application development},
  author={Gaston, Derek and Peterson, John and Permann, Cody and Andrs, David and Slaughter, Andrew and Miller, Jason},
  journal={Journal of Open Research Software},
  volume={2},
  number={1},
  year={2014},
  publisher={Ubiquity Press}
}

@article{gaston2015physics,
  title={Physics-based multiscale coupling for full core nuclear reactor simulation},
  author={Gaston, Derek R and Permann, Cody J and Peterson, John W and Slaughter, Andrew E and Andr{\v{s}}, David and Wang, Yaqi and Short, Michael P and Perez, Danielle M and Tonks, Michael R and Ortensi, Javier and others},
  journal={Annals of Nuclear Energy},
  volume={84},
  pages={45--54},
  year={2015},
  publisher={Elsevier}
}

@article{jokisaari2017spinodal,
  title={Benchmark problems for numerical implementations of phase field models},
  author={Jokisaari, A M and Voorhees, P W and Guyer, Jonathan E and Warren, J A and Heinonen, O G},
  journal={Computational Materials Science},
  volume={126},
  pages={139--151},
  year={2017},
  publisher={Elsevier}
}

@article{jokisaari2017dendrite,
  title={Phase field benchmark problems for dendritic growth and linear elasticity},
  author={Jokisaari, A M and Voorhees, P W and Guyer, Jonathan E and Warren, J A and Heinonen, O G},
  journal={Computational Materials Science},
  volume={149},
  pages={336},
  year={2018},
  publisher={Elsevier}
}

@article{jokisaari2020stokes,
  title={Phase field benchmark problems targeting fluid flow and electrochemistry},
  author={Jokisaari, A M and Wu, W and Voorhees, P W and Guyer, Jonathan E and Warren, J A and Heinonen, O G},
  journal={Computational Materials Science},
  volume={176},
  pages={109548},
  year={2020},
  publisher={Elsevier}
}

@article{kubo1966,
  title={The fluctuation-dissipation theorem},
  author={Kubo, R},
  journal={Reports on Progess in Physics},
  volume={29},
  number = {1},
  pages={255--284},
  year={1966},
  publisher={{IOP} Publishing}
}

@article{granasy2002nucleation,
 title={Nucleation and bulk crystallization in binary phase field theory},
 author={Gránásy, L and and Börzsönyi, T and Pusztai, T},
 journal={Physical Review Letters},
 volume={88},
 pages={206105},
 number={20},
 year={2002},
 publisher={American Physical Society}
}

@article{granasy2007phase,
 title={Phase field theory of heterogeneous crystal nucleation},
 author={Gránásy, L and T and Pusztai, T and Saylor, D and Warren, J A},
 journal={Physical Review Letters},
 volume={98},
 pages={035703},
 number={20},
 year={2007},
 publisher={American Physical Society}
}

@article{granasy2019,
 title={Phase-field modeling of crystal nucleation in undercooled liquids -- A review},
 author={Gránásy, L and Tóth, G and Warren, J A and Podmaniczky, F and Tegze, G and Rátkai, L and Pusztai, T},
 journal={Progress in Materials Science},
 volume={106},
 pages={100569},
 year={2019},
 publisher={Elsevier}
}

@article{heo2014phase,
 title={Phase-field modeling of nucleation in solid-state phase transformations},
 author={Heo, T W and Chen, L},
 journal={The journal of the minerals, metals \& materials society},
 volume={66},
 pages={1520--1528},
 year={2014},
 publisher={TMS}
}

@article{shi2019,
 title={Integrated simulation framework for additively manufactured Ti-6Al-4V: melt pool dynamics, microstructure, solid-state phase transformation, and microelastic response},
 author={Shi, R and Khairallah, S and Heo, T W and Rolchigo, M and McKeown, J T and Matthews, M J},
 journal={The journal of the minerals, metals \& materials society},
 volume={71},
 pages={3640--3655},
 year={2019},
 publisher={TMS}
}

@article{simmons2000phase,
  title={Phase field modeling of simultaneous nucleation and growth by explicitly incorporating nucleation events},
  author={Simmons, J P and Shen, C and Wang, Y},
  journal={Scripta Materialia},
  volume={43},
  issues={10},
  pages={935--942},
  year={2000},
  publisher={Elsevier}
}

@article{simmons2004microstructural,
  title={Microstructural development involving nucleation and growth phenomena simulated with the Phase Field method},
  author={Simmons, J P and Wen, Y and Shen, C and Wang, Y},
  journal={Materials Science and Engineering: A},
  volume={365},
  issues={1-2},
  pages={136--143},
  year={2004},
  publisher={Elsevier}
}

@article{warren2009phase,
  title={Phase field approach to heterogeneous crystal nucleation in alloys},
  author={Warren, J A and Pusztai, T and Gránásy, L K and Gránásy, L},
  journal={Physical Revies B},
  volume={79},
  issues={1},
  pages={014204},
  year={2009},
  publisher={American Physical Society}
}

@incollection{elliott1989,
  title={The {C}ahn-{H}illiard model for the kinetics of phase separation},
  author={Elliott, Charles M},
  booktitle={Mathematical models for phase change problems},
  pages={35--73},
  year={1989},
  publisher={Springer}
}

@article{johnson1939reaction,
  title={Reaction kinetics in processes of nucleation and growth},
  author={Johnson, William A and Mehl, R F},
  journal={Am. Inst. Min. Metal. Petro. Eng.},
  volume={135},
  pages={416--458},
  year={1939}
}

@article{avrami1939kinetics,
  title={Kinetics of phase change. {I} General theory},
  author={Avrami, Melvin},
  journal={The Journal of chemical physics},
  volume={7},
  number={12},
  pages={1103--1112},
  year={1939},
  publisher={American Institute of Physics}
}

@article{avrami1940kinetics,
  title={Kinetics of phase change. {II} transformation-time relations for random distribution of nuclei},
  author={Avrami, Melvin},
  journal={The Journal of chemical physics},
  volume={8},
  number={2},
  pages={212--224},
  year={1940},
  publisher={American Institute of Physics}
}

@article{avrami1941granulation,
  title={Granulation, phase change, and microstructure kinetics of phase change. {III}},
  author={Avrami, Melvin},
  journal={The Journal of chemical physics},
  volume={9},
  number={2},
  pages={177--184},
  year={1941},
  publisher={American Institute of Physics}
}

@article{kolmogorov1937izv,
  title={Izv. {A}kad. {N}auk. {SSSR}},
  author={Kolmogorov, A N},
  journal={Ser Materm},
  volume={3},
  pages={355--359},
  year={1937}
}

@article{quested2005athermal,
  title={Athermal heterogeneous nucleation of solidification},
  author={Quested, T E and Greer, A L},
  journal={Acta Materialia},
  volume={53},
  number={9},
  pages={2683--2692},
  year={2005},
  publisher={Elsevier}
}

@article{greer2000modelling,
  title={Modelling of inoculation of metallic melts: application to grain refinement of aluminium by {A}l--{T}i--{B}},
  author={Greer, A L and Bunn, A M and Tronche, A and Evans, P V and Bristow, D J},
  journal={Acta materialia},
  volume={48},
  number={11},
  pages={2823--2835},
  year={2000},
  publisher={Elsevier}
}

@article{greer2016overview,
  title={Overview: Application of heterogeneous nucleation in grain-refining of metals},
  author={Greer, A L},
  journal={The Journal of Chemical Physics},
  volume={145},
  number={21},
  pages={211704},
  year={2016},
  publisher={AIP Publishing LLC}
}

@article{dewitt2020prisms,
  title={{PRISMS-PF}: A general framework for phase-field modeling with a matrix-free finite element method},
  author={DeWitt, Stephen and Rudraraju, Shiva and Montiel, David and Andrews, W Beck and Thornton, Katsuyo},
  journal={npj Computational Materials},
  volume={6},
  number={1},
  pages={1--12},
  year={2020},
  publisher={Nature Publishing Group}
}

@article{guyer2009fipy,
  title={Fi{P}y: Partial differential equations with {P}ython},
  author={Guyer, Jonathan E and Wheeler, Daniel and Warren, James A},
  journal={Computing in Science \& Engineering},
  volume={11},
  number={3},
  pages={6--15},
  year={2009},
  publisher={IEEE}
}

@article{wheeler2019pfhub,
  title={PFHub: The Phase-Field Community Hub},
  author={Wheeler, Daniel and Keller, Trevor and DeWitt, Stephen J and Jokisaari, Andrea M and Schwen, Daniel and Guyer, Jonathan E and Aagesen, Larry K and Heinonen, Olle G and Tonks, Michael R and Voorhees, Peter W and others},
  journal={Journal of Open Research Software},
  volume={7},
  number={1},
  year={2019},
  publisher={Ubiquity Press}
}
